<record><leader>00000cas a22000007a 4500</leader><controlfield tag="001">11610387</controlfield><controlfield tag="008">850123d18701883wiuwr ne      0    0eng d</controlfield><datafield ind1=" " ind2=" " tag="010"><subfield code="a">sn 85033023 </subfield></datafield><datafield ind1=" " ind2=" " tag="040"><subfield code="a">NPU</subfield><subfield code="b">eng</subfield><subfield code="c">NPU</subfield><subfield code="d">NPV</subfield><subfield code="d">NPX</subfield><subfield code="d">MGN</subfield><subfield code="d">OCLCQ</subfield></datafield><datafield ind1=" " ind2=" " tag="042"><subfield code="a">msc</subfield></datafield><datafield ind1="0" ind2="4" tag="245"><subfield code="a">The Black Earth advertiser.</subfield></datafield><datafield ind1=" " ind2=" " tag="260"><subfield code="a">Black Earth, Wis. :</subfield><subfield code="b">Burnett &amp; Son,</subfield><subfield code="c">-1883.</subfield></datafield><datafield ind1=" " ind2=" " tag="300"><subfield code="a">v. ;</subfield><subfield code="c">65 cm.</subfield></datafield><datafield ind1=" " ind2=" " tag="310"><subfield code="a">Weekly</subfield></datafield><datafield ind1="1" ind2=" " tag="362"><subfield code="a">Began in Mar. 1870. Cf. Oehlerts, d. Guide to Wis. newspapers.</subfield></datafield><datafield ind1="0" ind2=" " tag="362"><subfield code="a">-v. 16, no. 3 (Mar. 15, 1883).</subfield></datafield><datafield ind1=" " ind2=" " tag="500"><subfield code="a">Published every Thursday.</subfield></datafield><datafield ind1=" " ind2=" " tag="500"><subfield code="a">Editors: Clarence Burnett, H.R. Farnum &lt;Aug.&gt;-Dec. 1870; C. Burnett, Dec. 1870-1883.</subfield></datafield><datafield ind1=" " ind2=" " tag="530"><subfield code="a">Available on microfilm from The State Historical Society of Wisconsin.</subfield></datafield><datafield ind1=" " ind2=" " tag="580"><subfield code="a">Continues: Monthly advertiser. Cf. Oehlerts, D. Guide to Wis. newspapers.</subfield></datafield><datafield ind1=" " ind2=" " tag="588"><subfield code="a">Description based on: Vol. 3, no. 12 (Aug. 11, 1870).</subfield></datafield><datafield ind1=" " ind2=" " tag="752"><subfield code="a">United States</subfield><subfield code="b">Wisconsin</subfield><subfield code="c">Dane</subfield><subfield code="d">Black Earth.</subfield></datafield><datafield ind1="1" ind2="0" tag="780"><subfield code="t">Monthly advertiser</subfield></datafield><datafield ind1="0" ind2="0" tag="785"><subfield code="t">Advertiser (Black Earth, Wis.)</subfield><subfield code="w">(DLC)sn 85040479</subfield></datafield></record>